% Encoding: UTF-8
@book{andrade,
  title     = {Introdução à metodologia do trabalho científico},
  publisher = {Atlas},
  year      = {2010},
  author    = {Maria Margarida de Andrade},
  address   = {São Paulo},
  edition   = {10},
  subtitle  = {elaboração de trabalhos na graduação}
}

@book{barros,
  title     = {Fundamentos de metodologia científica},
  publisher = {Pearson Prentice Hall},
  year      = {2007},
  author    = {Barros, A. J. S. and Lehfeld, N. A. S.},
  address   = {São Paulo},
  edition   = {3}
}

@book{cervo,
  title     = {Metodologia científica},
  publisher = {Pearson Prentice Hall},
  year      = {2007},
  author    = {Cervo, A. L. and Bervian, P. A. and Silva, R.},
  address   = {São Paulo},
  edition   = {6}
}

@book{koche,
  title     = {Fundamentos de metodologia científica},
  publisher = {Vozes},
  year      = {2015},
  author    = {Köche, J. C.},
  address   = {Petrópolis},
  edition   = {34},
  subtitle  = {teoria da ciência e iniciação à pesquisa}
}

@book{marconi,
  title     = {Fundamentos de metodologia científica},
  publisher = {Atlas},
  year      = {2012},
  author    = {Marconi, M. A. and Lakatos, E. M.},
  address   = {São Paulo},
  edition   = {7}
}

@book{medeiros,
  title     = {Redação científica},
  publisher = {Atlas},
  year      = {2011},
  author    = {Medeiros, J. B.},
  address   = {São Paulo},
  edition   = {11},
  subtitle  = {a prática de fichamentos, resumos, resenhas}
}

@article{cunha,
  author  = {Cunha, L. G. C.},
  title   = {Normalização de originais},
  journal = {Ciência da Informação},
  year    = {1973},
  volume  = {2},
  number  = {1},
  pages   = {59-63},
  address = {Rio de Janeiro}
}
@article{witter,
  author  = {Witter, G. P},
  title   = {O ambiente acadêmico como fonte de produção científica},
  journal = {Informação e Informação},
  year    = {1996},
  volume  = {1},
  number  = {1},
  pages   = {22-26},
  month   = {jan-jul},
  adrress = {Londrina}
}

@book{luger,
  author    = {Luger, George F.},
  title     = {Inteligência Artificial},
  publisher = {Pearson},
  address   = {São Paulo},
  edition   = {6},
  year      = {2013}
}
@misc{HINTZE,
  author       = {Hintze, Arend},
  title        = {The Conversation},
  year         = {2016},
  subtitle     = {Understanding the four types of {AI}, from reactive robots to self-aware beings.},
  note         = {Acessado em: 21 de jun de 2022},
  howpublished = {\url{https://theconversation.com/understanding-the-four-types-of-ai-from-reactive-robots-to-self-aware-beings-67616}}
}
@article{ALLEND-CID,
  author  = {Héctor Allende-Cid},
  journal = {Revista da Sociedade Brasileira de Computação},
  number  = {1},
  title   = {MACHINE LEARNING:
             CATALISADOR
             DA CIêNCIA},
  volume  = {39},
  year    = {2019}
}
@misc{JAJAL,
  author       = {Jajal, D. Tannya},
  title        = {Distinguishing between Narrow AI, General AI and Super AI},
  subtitle     = {A simple but necessary guide},
  year         = {2018},
  note         = {Acessado em: 23 de jun de 2022},
  howpublished = {\url{https://medium.com/mapping-out-2050/distinguishing-between-narrow-ai-general-ai-and-super-ai-a4bc44172e22}}
}


@monography{SANTANA2014,
  address = {São Paulo},
  author  = {Hugo Vinicius Mori Dantas Santana},
  school  = {Instito de Matemática e Estatística
             Universidade de São Paulo},
  title   = {Anatomia de um Motor de Xadrez},
  type    = {Trabalho de Conclusão de Curso},
  year    = {2014}
}
@book{FAUSETT,
  author    = {Fausett, V. Laurence},
  title     = {Fundamentals of Neural Networks},
  subtitle  = {Architectures, Algorithms And Applications},
  publisher = {Pearson},
  address   = {Upper Saddle River},
  edition   = {1},
  year      = {1993}
}

@book{HAYKIN,
  author    = {Haykin, Simon},
  publisher = {Artmed Editora S.A},
  address   = {Porto Alegre},
  title     = {Redes Neurais},
  subtitle  = {Princípios e prática},
  edition   = {2},
  year      = {2007}
}
@Comment{jabref-meta: databaseType:bibtex;}
